<?xml version="1.0" encoding="UTF-8"?><collection xmlns="http://www.loc.gov/MARC21/slim"><record><leader>00487nam--2200109-i-4500</leader><controlfield tag="001">000012515</controlfield><controlfield tag="002">20161230</controlfield><controlfield tag="005">20161230201029</controlfield><controlfield tag="008">060222s1000------------r-----000-0-eng-d</controlfield><datafield ind1=" " ind2=" " tag="080"><subfield code="a">623.454.836(94):551.510.721</subfield></datafield><datafield ind1=" " ind2=" " tag="245"><subfield code="a">Biological aspects of fallout in australia from french.nuclear weapons explosions in the pacific july-september 1968.report to the pri me minister by the national radiation advisory committee march 1969</subfield></datafield><datafield ind1=" " ind2=" " tag="260"><subfield code="a">Canberra,Commonwealh Gouvernment Printing Office,1969. 13p</subfield></datafield></record></collection>